@misc{AGC,
institution = {Savant Automation},
author = {Savant Automation},
title = {AGC Configurations},
url = {http://www.agvsystems.com/agc-automatic-guided-carts/},
date = {2015}
}

@misc{IGVC,
institution = {Intelligent Ground Vehicle Competition},
author = {Intelligent Ground Vehicle Competition},
title = {The Purpose of IGVC},
url = {http://www.igvc.org/objective.htm},
date = {2015}
}

@techreport{Welch,
institution = {Innovative Retail Technologies},
author = {Welch, Anna Rose},
title = {The Age of Grocery "Smart Carts" Creeps Closer},
pages = {1},
url = {http://www.innovativeretailtechnologies.com/doc/the-age-of-grocery-smart-carts-creeps-closer-0001},
year = {2014}
}
